@InProceedings{Xu_2024_CVPR,
    author    = {Xu, Xiaogang and Kong, Shu and Hu, Tao and Liu, Zhe and Bao, Hujun},
    title     = {Boosting Image Restoration via Priors from Pre-trained Models},
    booktitle = {Proceedings of the IEEE/CVF Conference on Computer Vision and Pattern Recognition (CVPR)},
    month     = {June},
    year      = {2024},
    pages     = {2900-2909}
}
@InProceedings{Li_2024_CVPR,
    author    = {Li, Shikai and Fu, Jianglin and Liu, Kaiyuan and Wang, Wentao and Lin, Kwan-Yee and Wu, Wayne},
    title     = {CosmicMan: A Text-to-Image Foundation Model for Humans},
    booktitle = {Proceedings of the IEEE/CVF Conference on Computer Vision and Pattern Recognition (CVPR)},
    month     = {June},
    year      = {2024},
    pages     = {6955-6965}
}
@InProceedings{Yang_2024_CVPR,
    author    = {Yang, Xu and Ding, Changxing and Hong, Zhibin and Huang, Junhao and Tao, Jin and Xu, Xiangmin},
    title     = {Texture-Preserving Diffusion Models for High-Fidelity Virtual Try-On},
    booktitle = {Proceedings of the IEEE/CVF Conference on Computer Vision and Pattern Recognition (CVPR)},
    month     = {June},
    year      = {2024},
    pages     = {7017-7026}
}
@InProceedings{Peng_2024_CVPR,
    author    = {Peng, Zelin and Xu, Zhengqin and Zeng, Zhilin and Xie, Lingxi and Tian, Qi and Shen, Wei},
    title     = {Parameter Efficient Fine-tuning via Cross Block Orchestration for Segment Anything Model},
    booktitle = {Proceedings of the IEEE/CVF Conference on Computer Vision and Pattern Recognition (CVPR)},
    month     = {June},
    year      = {2024},
    pages     = {3743-3752}
}